@article{SMM,
	address = {La Jolla Institute for Allergy and Immunology, 3030 Bunker Hill Street, Suite 326, San Diego, CA 92109, USA},
	author = {Bjoern Peters and Alessandro Sette},
	journal = {BMC Bioinformatics},
	title = {Generating quantitative models describing the sequence specificity of biological processes with the stabilized matrix method},
	volume = {6},
	number = {132},
	year = {2005}
}

@article{netMHC,
	author = { Claus Lundegaard and  Kasper Lamberth and  Mikkel Harndahl and  Soren Buus and  Ole Lund and  Morten Nielsen},
	title = {Net{M}{H}{C}-3.0: accurate web accessible predictions of human, mouse and monkey {M}{H}{C} class {I} affinities for peptides of length 8-11.},
	journal = {Nucleic Acids Res},
	year = {2008},
	volume = {36},
	number = {Web Server issue},
	pages = {W509-12}
}

@article{Hobohm,
	address = {DTU},
	author = {Nielsen Morten},
	journal = {Class lecture},
	title = {Dealing with Sequence redundancy},
	year = {2010},
	url = "http://www.cbs.dtu.dk/courses/27623.algo/presentations/Hobohm/Hobohm.pdf"
}

@misc{ wiki:crossval,
   author = "Wikipedia",
   title = "Cross-validation (statistics)",
   year = "2010",
   url = "http://en.wikipedia.org/wiki/Cross-validation_(statistics)",
   note = "[Online; accessed 28-September-2010]"
 }
@misc{ wiki:overfit,
   author = "Wikipedia",
   title = "Overfitting",
   year = "2010",
   url = "http://en.wikipedia.org/wiki/Overfitting",
   note = "[Online; accessed 15-October-2010]"
 }
@misc{ wiki:MHC,
   author = "Wikipedia",
   title = "Major histocompatibility complex",
   year = "2010",
   url = "http://en.wikipedia.org/wiki/Major_histocompatibility_complex",
   note = "[Online; accessed 18-October-2010]"
 }


